@article{Mohammad,
	Author = {Mohammad, Saif M. and Turney, Peter D.},
	Booktitle = {Computational Intelligence},
	Number = {3},
	Pages = {436--465},
	Title = {Crowdsourcing a Word-Emotion Association Lexicon},
	Volume = {29},
	Year = {2013}
}
@inproceedings{elliott,
  title={Getting to the point: Emotion as a necessary and sufficient element of story construction},
  author={Elliott, Clark and Melchior, Ernst},
  booktitle={Proceedings of the AAAI Spring Symposium on Interactive Story Systems},
  year={1995},
  organization={Citeseer}
}
@MISC{carnegiemellonuniversity,
    author       = {{Carnegie Mellon University}},
    title        = "Grimm's Fairy Tales",
    howpublished = "\url{https://www.cs.cmu.edu/%7Espok/grimmtmp/}"
}

@book{plutchik1980emotion,
  title={Emotion: A psychoevolutionary synthesis},
  author={Plutchik, Robert},
  year={1980},
  publisher={Harpercollins College Division}
}

@inproceedings{swartjes,
  title={Emergent story generation: Lessons from improvisational theater},
  author={Swartjes, Ivo and Vromen, Joost},
  booktitle={Intelligent Narrative Technologies: Papers from the AAAI Fall Symposium. Number FS-07-05 in AAAI Fall Symposium Series},
  pages={146--149},
  year={2007}
}

@inproceedings{ware,
  title={Modeling Narrative Conflict to Generate Interesting Stories.},
  author={Ware, Stephen G and Young, Robert Michael},
  booktitle={AIIDE},
  year={2010}
}

@inproceedings{Riedl,
 author = {Riedl, Mark Owen and Young, R. Michael},
 title = {An Intent-Driven Planner for Multi-Agent Story Generation},
 booktitle = {Proceedings of the Third International Joint Conference on Autonomous Agents and Multiagent Systems - Volume 1},
 series = {AAMAS '04},
 year = {2004},
 isbn = {1-58113-864-4},
 location = {New York, New York},
 pages = {186--193},
 numpages = {8},
 url = {http://dx.doi.org/10.1109/AAMAS.2004.63},
 doi = {10.1109/AAMAS.2004.63},
 acmid = {1018753},
 publisher = {IEEE Computer Society},
 address = {Washington, DC, USA},
}

@inproceedings{rowe2009storyeval,
  title={STORYEVAL: An Empirical Evaluation Framework for Narrative Generation.},
  author={Rowe, Jonathan P and McQuiggan, Scott W and Robison, Jennifer L and Marcey, Derrick R and Lester, James C},
  booktitle={AAAI Spring Symposium: Intelligent Narrative Technologies II},
  pages={103--110},
  year={2009}
}

@MISC{Mateas,
    author = {Michael Mateas and Andrew Stern},
    title = {Fa\c{c}ade: An Experiment in Building a Fully-Realized Interactive Drama},
    year = {2003}
}

@inproceedings{strapparava,
  title={Semeval-2007 task 14: Affective text},
  author={Strapparava, Carlo and Mihalcea, Rada},
  booktitle={Proceedings of the 4th International Workshop on Semantic Evaluations},
  pages={70--74},
  year={2007},
  organization={Association for Computational Linguistics}
}
@inproceedings{pak,
  title={Twitter as a Corpus for Sentiment Analysis and Opinion Mining.},
  author={Pak, Alexander and Paroubek, Patrick},
  booktitle={LREc},
  volume={10},
  pages={1320--1326},
  year={2010}
}

@inproceedings{garner1995weka,
  title={Weka: The waikato environment for knowledge analysis},
  author={Garner, Stephen R},
  booktitle={Proceedings of the New Zealand computer science research students conference},
  pages={57--64},
  year={1995},
  organization={Citeseer}
}

 @incollection{Platt1998,
    author = {J. Platt},
    booktitle = {Advances in Kernel Methods - Support Vector Learning},
    editor = {B. Schoelkopf and C. Burges and A. Smola},
    publisher = {MIT Press},
    title = {Fast Training of Support Vector Machines using Sequential Minimal Optimization},
    year = {1998},
 }
 
 @article{Keerthi2001,
    author = {S.S. Keerthi and S.K. Shevade and C. Bhattacharyya and K.R.K. Murthy},
    journal = {Neural Computation},
    number = {3},
    pages = {637-649},
    title = {Improvements to Platt's SMO Algorithm for SVM Classifier Design},
    volume = {13},
    year = {2001},
 }
 
 @MISC {SGD,
    author       = {{University of Waikato}},
    title        = "Class SGD",
    howpublished = "\url{http://weka.sourceforge.net/doc.dev/weka/classifiers/functions/SGD.html}"
}

@article{breiman2001random,
  title={Random forests},
  author={Breiman, Leo},
  journal={Machine learning},
  volume={45},
  number={1},
  pages={5--32},
  year={2001},
  publisher={Springer}
}

@article{livingston2005implementation,
  title={Implementation of Breimanâ€™s random forest machine learning algorithm},
  author={Livingston, Frederick},
  journal={ECE591Q Machine Learning Journal Paper},
  year={2005}
}

@techreport{rosenblatt1961principles,
  title={Principles of neurodynamics. perceptrons and the theory of brain mechanisms},
  author={Rosenblatt, Frank},
  year={1961},
  institution={DTIC Document}
}

@article{haykin2004comprehensive,
  title={A comprehensive foundation},
  author={Haykin, Simon},
  journal={Neural Networks},
  volume={2},
  number={2004},
  year={2004}
}

@book{alpaydin2004introduction,
  title={Introduction to Machine Learning},
  author={Alpaydin, E.},
  isbn={9780262012119},
  lccn={2004109627},
  series={Adaptive computation and machine learning},
  url={https://books.google.de/books?id=1k0\_-WroiqEC},
  year={2004},
  publisher={MIT Press}
}

@inproceedings{Yu2003,
 author = {Yu, Hong and Hatzivassiloglou, Vasileios},
 title = {Towards Answering Opinion Questions: Separating Facts from Opinions and Identifying the Polarity of Opinion Sentences},
 booktitle = {Proceedings of the 2003 Conference on Empirical Methods in Natural Language Processing},
 series = {EMNLP '03},
 year = {2003},
 pages = {129--136},
 numpages = {8},
 url = {http://dx.doi.org/10.3115/1119355.1119372},
 doi = {10.3115/1119355.1119372},
 acmid = {1119372},
 publisher = {Association for Computational Linguistics},
 address = {Stroudsburg, PA, USA},
} 

@inproceedings{pang2004sentimental,
  title={A sentimental education: Sentiment analysis using subjectivity summarization based on minimum cuts},
  author={Pang, Bo and Lee, Lillian},
  booktitle={Proceedings of the 42nd annual meeting on Association for Computational Linguistics},
  pages={271},
  year={2004},
  organization={Association for Computational Linguistics}
}

@inproceedings{dos2014deep,
  title={Deep Convolutional Neural Networks for Sentiment Analysis of Short Texts.},
  author={dos Santos, C{\'\i}cero Nogueira and Gatti, Maira},
  booktitle={COLING},
  pages={69--78},
  year={2014}
}

@inproceedings{hotho2005brief,
  title={A brief survey of text mining.},
  author={Hotho, Andreas and N{\"u}rnberger, Andreas and Paa{\ss}, Gerhard},
  booktitle={Ldv Forum},
  volume={20},
  number={1},
  pages={19--62},
  year={2005}
}